2909 4792
1318 416 1832 489 -232-2-2

554 618 691 692 que
724 601 1005 669 vicariis
1030 622 1157 689 per
1176 604 1764 669 constantiensem
1792 603 2147 669 ciuitatem
2171 600 2236 670 et
2261 604 2618 690 dyocesim

549 708 977 792 constitutis,
1024 709 1309 796 salutem
1343 707 1421 773 in
1454 728 1540 772 eo
1571 709 1695 790 qui
1733 717 1831 773 est
1867 696 2182 774 omnium
2217 731 2377 775 vera
2417 713 2622 793 salus·
2697 694 2702 700 ⁵

462 868 477 876 ,
548 816 810 878 Omnes
869 803 1197 877 stabimus
1248 820 1405 877 ante
1456 812 1761 875 tribunal
1809 814 2100 897 Christi,
2149 816 2492 879 reddituri
2533 820 2624 881 de

549 917 744 982 factis
780 916 1084 1006 propriis
1129 916 1506 997 rationem,
1551 926 1617 980 et
1653 917 1777 998 qui
1826 920 2014 982 bona
2055 928 2374 1005 egerunt,
2420 920 2621 985 ibunt

545 1016 626 1087 in
676 1022 885 1085 vitam
922 1029 1260 1103 eternam,
1304 1020 1428 1103 qui
1463 1039 1631 1084 ‘vero
1670 1022 1872 1085 mala.
1897 1022 1976 1097 in
2015 1023 2248 1108 ignem
2285 1032 2620 1089 eternum.

546 1129 723 1189 Cum
748 1126 959 1213 igitur
977 1147 1106 1211 pro
1120 1124 1554 1188 edificatione
1576 1126 1936 1210 hospitalis
1965 1126 2040 1189 in
2071 1126 2421 1190 ciuitate
2450 1128 2616 1191 Fri-

540 1218 970 1317 burgensi,
1002 1250 1078 1291 ac
1100 1229 1588 1293 sustentatione
1609 1246 1988 1315 pauperum
2012 1230 2089 1293 in
2113 1250 2197 1295 eo
2221 1232 2618 1317 degentium

540 1335 943 1401 sollicitudo
979 1335 1181 1423 nobis
1210 1336 1593 1417 incumbat,
1635 1333 1882 1397 merito
1909 1334 2298 1418 specialiter
2331 1354 2458 1400 nos
2485 1338 2616 1400 hoc

540 1428 961 1503 attendentes
990 1460 1067 1503 ac
1108 1440 1606 1520 desiderantes,
1641 1438 1999 1521 adoptivos
2032 1449 2450 1503 sacrosancte
2476 1458 2615 1503 ma-

538 1542 667 1605 tris
718 1544 1001 1609 ecclesie
1070 1543 1254 1609 filios
1318 1544 1698 1628 spiritualis
1757 1542 2253 1607 consolationis
2308 1538 2618 1633 antidota

540 1656 802 1713 mutare
838 1652 925 1711 ad
980 1649 1453 1712 executionem
1487 1669 1778 1732 operum
1825 1648 2131 1731 pietatis,
2187 1666 2306 1711 vos
2341 1650 2613 1713 vniver-

536 1769 648 1814 sos
686 1738 753 1814 et
776 1753 1085 1838 singulos
1123 1754 1327 1817 nobis
1368 1753 1444 1815 in
1476 1752 1744 1815 Christo
1776 1750 2122 1835 dilectos,
2163 1774 2335 1835 quos
2366 1753 2611 1819 diuina

531 1856 983 1941 prouidentia
1058 1858 1331 1919 subesse
1392 1856 1616 1919 voluit
1682 1864 1912 1919 nostre
1964 1857 2216 1919 baculo
2282 1856 2611 1939 ditionis,

522 1960 981 2048 ‘attentissime
1022 1980 1339 2045 rogamus
1382 1968 1447 2023 et
1488 1963 1842 2024 hortamur
1889 1960 1965 2023 in
2006 1960 2346 2043 Domino,
2401 1981 2477 2023 ac
2530 1961 2609 2023 in

534 2060 1079 2137 virtute‘sancte·
1107 2064 1536 2147 obedientie,
1591 2073 1656 2127 et
1703 2066 1832 2127 sub
1871 2064 2320 2128 obtestatione·
2357 2064 2610 2129 'diuini

525 2165 782 2247 judicii
820 2171 948 2231 sub
983 2187 1161 2252 pena
1198 2168 1668 2251 suspensionis
1697 2170 1782 2230 ab
1811 2166 2038 2233 officio
2071 2158 2268 2231 vobis
2302 2168 2614 2233 districte·

534 2261 955 2356 percipimus
994 2282 1061 2335 et
1100 2276 1524 2335 mandamus.
1609 2272 1955 2355 Quatenus
2003 2273 2298 2335 nuncios
2344 2270 2607 2337 memo-

474 2370 484 2378 ’
535 2377 671 2441 rati
690 2377 1110 2461 ghospitalis,
1144 2395 1574 2457 quacumque
1609 2380 1781 2439 hora
1803 2382 1888 2440 ad
1912 2398 2032 2440 vos
2061 2377 2412 2461 venerint,
2453 2374 2604 2441 siue

531 2480 622 2543 sit
656 2480 805 2542 dies
841 2481 1079 2543 feriata
1131 2480 1281 2543 siue
1336 2500 1482 2543 non
1533 2480 1771 2543 feriata
1822 2479 2136 2543 fidelium
2185 2481 2600 2545 elemosinas

528 2585 850 2669 petitum,
886 2584 1038 2647 sine
1063 2584 1256 2647 omni
1282 2583 1825 2648 contradictione
1847 2584 1956 2647 vel
1984 2585 2335 2647 exactione
2364 2602 2603 2667 quem-

477 2702 490 2711 “
526 2688 703 2752 libet
753 2689 1056 2773 benigne
1107 2688 1454 2772 recipiatis
1515 2697 1580 2751 et
1640 2691 1925 2752 h‘oneste
1978 2689 2305 2770 tractetiS,
2362 2690 2600 2773 plebes
2635 2730 2654 2759 ,-

524 2794 723 2859 vobis
748 2793 1139 2856 commissas
1168 2794 1472 2857 studiose
1508 2802 1574 2855 et
1597 2792 1993 2857 edificanter
2030 2793 2464 2875 inducendo,
2504 2803 2602 2877 ut,

528 2919 685 2961 cum
729 2898 1024 2963 nuncius
1072 2898 1241 2960 dicti
1291 2897 1650 2982 hospitalis
1687 2897 2082 2978 advenerit,
2126 2906 2598 2981 compareant,

524 3003 605 3066 in
652 3002 956 3092 ecclesiis
1014 3001 1315 3091 audituri
1362 2992 1774 3087 petitionem
1829 2999 2083 3085 ipsius,
2126 3021 2203 3065 ac
2260 3005 2347 3063 de
2391 3001 2600 3065 b'onis

522 3107 663 3171 sibi
686 3120 726 3169 a
748 3109 894 3171 Deo
926 3107 1190 3172 collatis
1216 3106 1282 3169 ei
1303 3106 1451 3190 pias
1499 3105 1908 3168 elemosinas
1937 3109 2250 3169 studeant
2279 3124 2596 3189 erogare,

520 3220 600 3274 ut
645 3234 771 3296 per
805 3216 938 3275 hoc
979 3221 1043 3274 et
1077 3212 1213 3274 alia
1249 3212 1465 3291 bona,
1517 3231 1650 3291 que
1688 3209 1994 3275 Domino
2044 3210 2423 3293 inspirante
2467 3226 2597 3293 per

522 3316 1068 3380 exhortationem
1136 3324 1430 3378 uestram
1490 3314 1832 3397 fecerint,¹
1884 3330 2023 3377 una
2081 3327 2236 3377 cum
2288 3313 2456 3397 ipsis
2505 3314 2596 3379 ad

522 3428 755 3491 eterne
793 3419 1137 3482 felicitatis
1160 3420 1413 3504 gaudia
1450 3420 1858 3484 mereamini
1891 3416 2594 3509 pervenire,1firmam

517 3542 711 3608 spem
750 3523 1208 3605 fiduciamque
1242 3534 1583 3608 tenenteS,
1621 3525 1952 3609 quoniam
1985 3523 2107 3605 qui
2151 3543 2351 3607 parce
2387 3520 2597 3585 semi-'⁶
2653 3575 2658 3579 .

516 3609 887 3712 nat,⁵parce
920 3637 985 3691 et
1007 3637 1243 3709 metet,
1288 3638 1353 3692 et
1390 3629 1513 3712 qui
1536 3632 1824 3692 seminat
1851 3630 1928 3692 in
1963 3625 2593 3707 benedictionibuS,

514 3734 603 3796 de
660 3732 1263 3797 benedictionibus
1328 3742 1397 3799 et
1450 3744 1656 3799 metet
1714 3736 1920 3797 vitam
1983 3742 2310 3797 eternam.
2398 3733 2592 3813 Ipsos

512 3843 812 3918 'namque
857 3837 1151 3899 nuncio-s
1204 3856 1279 3899 ac
1332 3839 1700 3923 negocium
1748 3840 1873 3901 sub
1917 3834 2414 3920 omnipotentis
2456 3832 2593 3915 Dei

514 3949 581 4003 et
610 3926 821 4005 beate'
846 3941 1065 4004 Marie
1108 3939 1381 4025 semper
1417 3942 1712 4027 virginis
1753 3962 1828 4005 ac
1875 3951 2178 4005 nostram
2222 3930 2594 4024 protectio⁴⁴¹

510 4064 675 4108 nem
716 4044 1087 4128 recipimus
1126 4046 1517 4128 specialem.
1588 4034 2117 4129 Statuentesffut
2151 4045 2228 4107 in
2265 4043 2457 4123 locu,-
2498 4039 2590 4127 ad

509 4169 719 4231 quem
755 4147 1051 4211 nuncius
1088 4148 1205 4212 vel'
1223 4149 1469 4211 nuncii
1505 4149 2074 4233 dicti-hospitalis
2111 4146 2463 4229 venerint,
2506 4142 2586 4211 in

509 4242 807 4339 negocio
857 4262 1277 4334 memorato,
1316 4252 1381 4317 si
1414 4253 1610 4317 locus
1645 4252 1793 4337 ipse
1831 4274 1870 4315 a
1907 4254 2112 4319 nobis
2149 4252 2260 4317 vel
2302 4246 2588 4335 officiali.

1509 4490 1550 4527 0
