2909 4792
612 610 757 655 rem
808 602 1307 670 quemcumque
1346 582 1506 662 jure
1555 594 1618 649 et
1662 580 1936 661 justicia
1974 581 2076 647 ibi
2123 602 2265 647 non
2305 580 2686 669 contigerit

608 692 1021 757 defraudari.
1076 690 1148 753 Si
1181 710 1343 752 vero
1381 678 1610 773 preter
1641 692 1774 752 hoc
1813 687 1990 751 cives
2019 688 2128 750 vel
2168 686 2386 750 civem
2415 708 2538 751 seu
2568 688 2684 753 in·

604 799 835 860 'colam
900 805 966 858 et
1026 794 1477 857 habitatorem
1537 792 1826 855 civitatis
1882 791 2184 878 predicte
2207 835 2227 873 ,
2287 814 2507 853 unum
2561 794 2682 857 vel

609 902 883 987 plures,
936 900 1147 963 semel
1195 899 1303 960 vel
1340 896 1603 981 sepiuS,
1647 896 2208 978 quotiescumque
2252 896 2456 959 etiam
2499 896 2682 961 alibi

610 1006 827 1086 citari,
872 1004 1071 1085 trahi,
1106 1002 1488 1082 conveniri,
1509 1002 1810 1079 judicari
1836 995 1956 1081 seu
1978 1001 2258 1064 banniri
2287 1001 2679 1085 contigerit,

611 1113 743 1175 hoc
770 1118 983 1173 totum
1024 1118 1089 1171 et
1123 1106 1357 1172 omnia
1390 1104 1638 1167 exinde
1671 1106 2026 1185 sequentia
2062 1104 2322 1169 nullius
2361 1106 2680 1169 decerni-

614 1190 765 1277 mus
805 1233 947 1275 esse
984 1212 1277 1295 vigoriS,
1322 1210 1732 1290 nullumque
1765 1208 2015 1290 citatis,
2061 1208 2316 1289 tractis,
2348 1207 2682 1285 judicatis

612 1338 735 1381 seu.
757 1316 1062 1380 bannitis
1100 1312 1499 1390 hujusmodi
1532 1335 1657 1399 per
1681 1311 1839 1374 talia
1873 1313 2186 1375 volumus
2207 1311 2678 1397 prejudicium

610 1421 761 1484 ullo
787 1423 997 1483 modo
1028 1428 1142 1481 aut
1178 1418 1565 1502 periculum
1603 1416 1940 1503 generari.
2028 1416 2228 1498 Quod
2279 1416 2339 1479 si
2373 1416 2528 1498 quis
2563 1438 2678 1481 co-

617 1546 765 1590 ram
809 1524 991 1589 dicto
1040 1526 1322 1603 sculteto
1372 1526 1688 1585 adversus
1741 1522 1927 1607 ipsos
1965 1522 2072 1585 vel
2111 1540 2352 1585 eorum
2401 1520 2678 1602 aliquos

490 1676 497 1683 -
550 1632 554 1637 ’
606 1650 741 1694 seu·
772 1625 1076 1711 aliquem
1128 1628 1625 1690 accusationem
1663 1627 2005 1711 dirigenS,
2049 1626 2125 1689 in
2154 1624 2350 1708 jure,
2393 1633 2460 1687 et
2477 1624 2679 1702 justi-

76 1738 173 1853 ᾖ)
200 1716 273 1839 :st
296 1757 343 1815 ,ᾖ
370 1697 552 1839 Qu
612 1734 719 1797 cia
769 1752 889 1796 sua
926 1733 1133 1795 fuerit
1174 1712 1585 1812 derelictus}
1613 1730 1674 1793 is
1715 1731 2000 1793 ulterius
2037 1746 2228 1793 suam
2263 1728 2519 1813 poterit
2555 1731 2679 1792 de·-

102 1885 119 1911 ι
187 1891 246 1917 ,Ἰ
477 1892 487 1901 .
612 1840 799 1915 ferre·
824 1837 1194 1918 querelam,
1232 1844 1297 1897 et
1322 1833 1494 1895 alibi
1530 1843 1782 1918 petere,
1803 1834 1940 1897 sibi
1968 1833 2304 1911 justitiam
2341 1832 2680 1896 exhiberi.

76 1883 313 1970 ''Im'‘
351 1891 533 2048 Q*
614 1945 807 2005 Hanc
838 1941 1121 2023 insuper
1146 1938 1504 1999 antedictis
1535 1937 1783 2021 viginti
1813 1948 2124 2019 quatuor,
2167 1958 2292 2000 nec
2330 1958 2475 1999 non
2513 1946 2682 2011 'con-3

76 2044 147 2112 h(
183 1994 527 2146 ‹efflat-Qfi
611 2047 780 2111 >silio
817 2054 881 2108 et
916 2041 1347 2109 universitati
1385 2045 1470 2103 de
1521 2040 1716 2103 Frib
1739 2062 1902 2125 urg
1939 2042 2258 2104 duximus
2283 2041 2571 2125 gratiam
2617 2050 2684 2105 et

76 2168 253 2269 mem
502 2143 536 2173 ‘¹
614 2156 1009 2232 potestatem
1054 2167 1135 2209 ex
1179 2156 1357 2210 certa
1384 2143 1670 2209 scientia
1703 2148 2254 2226 concedendam,
2297 2154 2372 2206 ut
2419 2145 2573 2229 ipsi-
2601 2146 2683 2208 in

120 2314 165 2333 ,ι
201 2262 249 2303 'ff
325 2331 334 2341 .
612 2253 850 2315 eadem
884 2250 1151 2314 civitate
1177 2250 1621 2335 Friburgen'si
1649 2250 1798 2313 vini
1843 2260 1908 2313 et
1933 2251 2144 2331 bladi,
2175 2270 2302 2312 nec
2337 2270 2481 2311 non
2511 2248 2682 2309 alia·-

77 2310 237 2426 ἵιῲΐ*
293 2336 342 2399 ⁸3·
376 2310 530 2403 ‘'¹⁸⁸¹“
616 2375 773 2419 rum
804 2376 1033 2417 rerum
1068 2364 1133 2417 et
1182 2354 1546 2435 mercium,
1590 2364 1986 2419 consuetum
2030 2354 2386 2440 ungeltum
2424 2354 2682 2415 instau-

76 2481 195 2589 Μ
404 2457 583 2599 ''U—“¹'‘
606 2479 801 2539 -rare,
844 2480 1102 2543 ponere
1141 2468 1205 2522 et
1238 2461 1585 2543 deponere
1609 2461 1827 2522 libere
1865 2456 2159 2542 possint,
2204 2462 2482 2540 quando
2510 2456 2680 2540 ipsis

616 2562 981 2647 placitum,
1015 2563 1081 2625 e't
1103 2562 1292 2639 juxta
1319 2563 1634 2647 proprias
1671 2563 2118 2625 conscientias
2147 2573 2212 2625 et
2233 2562 2525 2625 civitatis
2559 2582 2684 2625 ne*-

103 2654 119 2735 ’ῑ
154 2695 160 2703 ·
212 2708 219 2718 -
476 2672 488 2689 ’
533 2724 538 2735 ,
614 2666 951 2745 cessitates
984 2666 1208 2727 visum
1256 2666 1465 2729 fuerit
1503 2666 1862 2751 expedire,
1905 2667 1982 2729 in
2033 2688 2171 2749 quo
2211 2687 2452 2731 eorum
2489 2665 2685 2729 ordi-

615 2765 887 2855 nationi
928 2770 1281 2833 neminem
1317 2772 1635 2835 volumus
1677 2771 2038 2835 contraire.
2093 2772 2428 2835 Volumus
2469 2769 2688 2833 etiam

612 2884 683 2939 et
716 2878 800 2936 de
845 2872 1079 2935 innata
1120 2874 1324 2937 nobis
1364 2876 1728 2945 clementia
1768 2878 1900 2939 hoc
1943 2874 2290 2960 imperiali
2325 2872 2550 2937 edicto
2599 2892 2687 2937 ex

612 2978 897 3042 scientia
930 2988 1111 3043 certa
1152 2978 1545 3063 statuimUS,
1589 2983 1676 3043 de
1721 2980 2158 3063 plenitudine
2199 2978 2506 3063 predicte
2547 2977 2688 3040 imo

614 3084 957 3169 peratorie
983 3083 1359 3169 potestatis,
1392 3088 1584 3165 quod
1614 3084 1930 3148 universa
1950 3083 2280 3147 suburbia
2301 3126 2322 3165 ,
2353 3083 2496 3145 sive
2523 3103 2692 3166 pre·-

612 3188 815 3259 urbia
834 3188 1175 3272 sepedicte
1199 3186 1490 3249 civitatis
1517 3188 1594 3251 in
1618 3188 2008 3272 Friburg,
2028 3197 2161 3250 tam
2189 3187 2312 3249 illa
2335 3186 2692 3269 videlicet,

616 3312 751 3373 que
786 3290 931 3369 jam
976 3300 1127 3352 actu
1162 3290 1425 3353 fossatis
1448 3298 1514 3353 et
1535 3290 1750 3355 muris
1773 3291 2024 3372 cincta,
2069 3300 2134 3355 et
2165 3290 2421 3354 civitati
2453 3292 2692 3374 appli-

566 3444 585 3465 .
614 3404 761 3457 cata
802 3415 923 3456 seu
956 3392 1318 3469 conjuncta
1355 3403 1548 3476 sunt,
1593 3415 1796 3476 quam
1832 3394 1990 3477 illa,
2035 3416 2168 3476 que
2209 3396 2286 3457 in
2329 3402 2696 3478 posterum

616 3495 839 3580 cingi,
884 3496 1216 3579 applicari
1259 3506 1324 3561 et
1356 3496 1688 3583 conjungi
1724 3489 2106 3582 continget,
2152 3499 2475 3562 omnibus
2502 3496 2698 3574 juri-

612 3601 775 3681 bUS,
816 3599 1246 3663 libertatibus
1290 3611 1355 3664 et
1395 3604 1600 3669 bonis
1652 3594 2264 3665 consuetudinibus
2309 3601 2699 3666 inviolabi-

614 3702 783 3780 liter.
810 3703 949 3765 frui
982 3714 1311 3801 perpetuo
1356 3708 1650 3769 debeant
1685 3716 1749 3769 et
1787 3688 2116 3791 gaudere,
2180 3706 2432 3788 quibus
2491 3714 2698 3769 ante·-

614 3804 798 3869 dicta
829 3806 1110 3886 antiqua
1152 3810 1383 3873 civitas
1428 3810 1906 3895 Friburgensis
1950 3814 2247 3897 gaudere
2276 3810 2698 3892 dinoscitur,

616 3918 683 3973 et
726 3913 811 3972 de
857 3910 1107 3991 quibus
1152 3913 1217 3975 ei
1265 3914 1566 3997 previdit
1599 3924 1830 3977 nostra
1865 3924 1930 3978 et
1963 3916 2308 3977 divorum·
2323 3916 2700 3998 predeces-

610 4033 851 4078 sorum
889 4022 1281 4101 nostrorum
1318 4004 1764 4081 romanorum
1801 4018 2292 4103 imperatorum
2337 4026 2405 4080 et
2441 4036 2702 4101 regum

614 4118 992 4222 libenalitas
1036 4118 1386 4203 generosa.
1420 4122 1810 4206 ·Nulli2ergo
1852 4122 2143 4186 omnino
2185 4120 2556 4185 hominum
2599 4120 2705 4184 li·-

617 4230 761 4285 ceat
780 4264 801 4302 ,
842 4225 1017 4287 hanc
1061 4222 1379 4309 paginam
1428 4234 1650 4289 nostre
1698 4223 2058 4303 majestatis
2105 4223 2484 4307 infringere
2503 4262 2548 4306 ‚a
2567 4234 2708 4288 aut

288 2481 299 2489 ο

319 2492 329 2501 ο

343 2640 351 2648 ι

243 2694 267 2710 ,ι

312 2794 319 2803 0
